@IEEEtranBSTCTL{IEEEexample:BSTcontrol,
CTLuse_forced_etal       = "yes",
CTLmax_names_forced_etal = "3",
CTLnames_show_etal       = "2"
}
@book{InfH,
address = {M\"{u}nchen -- Wien},
author = {Rechenberg, Peter and Pomberger, Gustav and Blaschek, G\"{u}nther and Bode, Arndt and Bohn, Wilhelm Friedrich and Borrmann, Lothar and Buchberger, Bruno},
edition = {4th},
publisher = {Hanser Verlag},
title = {{Informatik Handbuch}},
year = {2006}
}
@misc{APCW2006,
note = {letzter Zugriff am 23.05.2021},
author = {{Association for Progressive Communications}},
title = {{Wireless technology is irreplaceable for providing access in remote and scarcely populated regions}},
url = {http://www.apc.org/en/news/strategic/world/wireless-technology-irreplaceable-providing-access},
year = {2006}
}
@misc{IntJ,
   author = {Jetbrains},
   title = {IntelliJ IDEA},
   url = {https://www.jetbrains.com/de-de/idea/},
   note = {letzter Zugriff am 5.11.2021}
}
@article{GitKinsta,
   author = {Kinsta},
   title = {Github erkl√§rt},
   url = {https://kinsta.com/de/wissensdatenbank/was-ist-github/},
   note = {letzter Zugriff am 5.11.2021}
}
@article{GitExpl,
   author = {Juri Strumpflohner},
   month = {4},
   title = {Git Explained},
   url = {https://juristr.com/blog/2013/04/git-explained/},
   year = {2013},
   day = 30,
   note = {letzter Zugriff am 8.11.2021}
}
@article{GitCmnds,
   author = {StefanT123},
   journal = {dev.to},
   month = {6},
   title = {Git Commands Explained},
   url = {https://dev.to/stefant123/basic-git-commands-explained-1cjd},
   year = {2020},
   day = 11,
   note = {letzter Zugriff am 8.11.2021}
}
@page{GitHub,
   title = {GitHub Seite},
   url = {https://github.com/},
   note = {letzter Zugriff am 8.11.2021}
}